%YAML 1.1
%TAG !u! tag:unity3d.com,2011:
--- !u!1001 &100100000
Prefab:
  m_ObjectHideFlags: 1
  serializedVersion: 2
  m_Modification:
    m_TransformParent: {fileID: 0}
    m_Modifications: []
    m_RemovedComponents: []
  m_SourcePrefab: {fileID: 0}
  m_RootGameObject: {fileID: 1937139178137478}
  m_IsPrefabAsset: 1
--- !u!1 &1051340564369988
GameObject:
  m_ObjectHideFlags: 0
  m_CorrespondingSourceObject: {fileID: 0}
  m_PrefabInternal: {fileID: 100100000}
  serializedVersion: 6
  m_Component:
  - component: {fileID: 4859394112000028}
  - component: {fileID: 212965917108992310}
  - component: {fileID: 60781732564982750}
  - component: {fileID: 60470567672411804}
  m_Layer: 0
  m_Name: Stone
  m_TagString: Untagged
  m_Icon: {fileID: 0}
  m_NavMeshLayer: 0
  m_StaticEditorFlags: 0
  m_IsActive: 1
--- !u!1 &1054468874561890
GameObject:
  m_ObjectHideFlags: 1
  m_CorrespondingSourceObject: {fileID: 0}
  m_PrefabInternal: {fileID: 100100000}
  serializedVersion: 6
  m_Component:
  - component: {fileID: 4116721428456312}
  m_Layer: 0
  m_Name: EnemyPoint (2)
  m_TagString: EnemyPoint
  m_Icon: {fileID: 0}
  m_NavMeshLayer: 0
  m_StaticEditorFlags: 0
  m_IsActive: 1
--- !u!1 &1111442693321974
GameObject:
  m_ObjectHideFlags: 1
  m_CorrespondingSourceObject: {fileID: 0}
  m_PrefabInternal: {fileID: 100100000}
  serializedVersion: 6
  m_Component:
  - component: {fileID: 4045323460130122}
  m_Layer: 0
  m_Name: PlayerPoint
  m_TagString: PlayerPoint
  m_Icon: {fileID: 0}
  m_NavMeshLayer: 0
  m_StaticEditorFlags: 0
  m_IsActive: 1
--- !u!1 &1216598015664100
GameObject:
  m_ObjectHideFlags: 0
  m_CorrespondingSourceObject: {fileID: 0}
  m_PrefabInternal: {fileID: 100100000}
  serializedVersion: 6
  m_Component:
  - component: {fileID: 4874711040493264}
  - component: {fileID: 212836075939356824}
  - component: {fileID: 61428539481705406}
  - component: {fileID: 61502203502391918}
  m_Layer: 16
  m_Name: stair (1)
  m_TagString: Untagged
  m_Icon: {fileID: 0}
  m_NavMeshLayer: 0
  m_StaticEditorFlags: 0
  m_IsActive: 1
--- !u!1 &1272278011101676
GameObject:
  m_ObjectHideFlags: 0
  m_CorrespondingSourceObject: {fileID: 0}
  m_PrefabInternal: {fileID: 100100000}
  serializedVersion: 6
  m_Component:
  - component: {fileID: 4988837105520820}
  m_Layer: 0
  m_Name: Points
  m_TagString: Untagged
  m_Icon: {fileID: 0}
  m_NavMeshLayer: 0
  m_StaticEditorFlags: 0
  m_IsActive: 1
--- !u!1 &1327310614531454
GameObject:
  m_ObjectHideFlags: 1
  m_CorrespondingSourceObject: {fileID: 0}
  m_PrefabInternal: {fileID: 100100000}
  serializedVersion: 6
  m_Component:
  - component: {fileID: 4043186444037192}
  m_Layer: 0
  m_Name: EnemyPoint
  m_TagString: EnemyPoint
  m_Icon: {fileID: 0}
  m_NavMeshLayer: 0
  m_StaticEditorFlags: 0
  m_IsActive: 1
--- !u!1 &1403627965087998
GameObject:
  m_ObjectHideFlags: 0
  m_CorrespondingSourceObject: {fileID: 0}
  m_PrefabInternal: {fileID: 100100000}
  serializedVersion: 6
  m_Component:
  - component: {fileID: 4798919270012436}
  - component: {fileID: 212226918755586480}
  - component: {fileID: 61845602449301956}
  - component: {fileID: 61301348558959640}
  m_Layer: 16
  m_Name: stair
  m_TagString: Untagged
  m_Icon: {fileID: 0}
  m_NavMeshLayer: 0
  m_StaticEditorFlags: 0
  m_IsActive: 1
--- !u!1 &1408209005495910
GameObject:
  m_ObjectHideFlags: 1
  m_CorrespondingSourceObject: {fileID: 0}
  m_PrefabInternal: {fileID: 100100000}
  serializedVersion: 6
  m_Component:
  - component: {fileID: 4864960891085602}
  m_Layer: 0
  m_Name: EnemyPoint (4)
  m_TagString: EnemyPoint
  m_Icon: {fileID: 0}
  m_NavMeshLayer: 0
  m_StaticEditorFlags: 0
  m_IsActive: 1
--- !u!1 &1536698611922332
GameObject:
  m_ObjectHideFlags: 1
  m_CorrespondingSourceObject: {fileID: 0}
  m_PrefabInternal: {fileID: 100100000}
  serializedVersion: 6
  m_Component:
  - component: {fileID: 4634074646374920}
  m_Layer: 0
  m_Name: EnemyPoint (1)
  m_TagString: EnemyPoint
  m_Icon: {fileID: 0}
  m_NavMeshLayer: 0
  m_StaticEditorFlags: 0
  m_IsActive: 1
--- !u!1 &1620161880426654
GameObject:
  m_ObjectHideFlags: 0
  m_CorrespondingSourceObject: {fileID: 0}
  m_PrefabInternal: {fileID: 100100000}
  serializedVersion: 6
  m_Component:
  - component: {fileID: 4204286555858652}
  - component: {fileID: 212680770282256838}
  - component: {fileID: 61947614555370638}
  - component: {fileID: 61393833429663896}
  m_Layer: 13
  m_Name: grass_0
  m_TagString: Untagged
  m_Icon: {fileID: 0}
  m_NavMeshLayer: 0
  m_StaticEditorFlags: 0
  m_IsActive: 1
--- !u!1 &1923998608377798
GameObject:
  m_ObjectHideFlags: 1
  m_CorrespondingSourceObject: {fileID: 0}
  m_PrefabInternal: {fileID: 100100000}
  serializedVersion: 6
  m_Component:
  - component: {fileID: 4727764976063902}
  m_Layer: 0
  m_Name: EnemyPoint (3)
  m_TagString: EnemyPoint
  m_Icon: {fileID: 0}
  m_NavMeshLayer: 0
  m_StaticEditorFlags: 0
  m_IsActive: 1
--- !u!1 &1937139178137478
GameObject:
  m_ObjectHideFlags: 0
  m_CorrespondingSourceObject: {fileID: 0}
  m_PrefabInternal: {fileID: 100100000}
  serializedVersion: 6
  m_Component:
  - component: {fileID: 4441666876190164}
  m_Layer: 0
  m_Name: Castle_2
  m_TagString: Untagged
  m_Icon: {fileID: 0}
  m_NavMeshLayer: 0
  m_StaticEditorFlags: 0
  m_IsActive: 1
--- !u!4 &4043186444037192
Transform:
  m_ObjectHideFlags: 1
  m_CorrespondingSourceObject: {fileID: 0}
  m_PrefabInternal: {fileID: 100100000}
  m_GameObject: {fileID: 1327310614531454}
  m_LocalRotation: {x: -0, y: -0, z: -0, w: 1}
  m_LocalPosition: {x: 24.96, y: -11.99, z: 0}
  m_LocalScale: {x: 1, y: 1, z: 1}
  m_Children: []
  m_Father: {fileID: 4988837105520820}
  m_RootOrder: 1
  m_LocalEulerAnglesHint: {x: 0, y: 0, z: 0}
--- !u!4 &4045323460130122
Transform:
  m_ObjectHideFlags: 1
  m_CorrespondingSourceObject: {fileID: 0}
  m_PrefabInternal: {fileID: 100100000}
  m_GameObject: {fileID: 1111442693321974}
  m_LocalRotation: {x: 0, y: 0, z: 0, w: 1}
  m_LocalPosition: {x: -25.36, y: -1.21, z: 0}
  m_LocalScale: {x: 1, y: 1, z: 1}
  m_Children: []
  m_Father: {fileID: 4988837105520820}
  m_RootOrder: 0
  m_LocalEulerAnglesHint: {x: 0, y: 0, z: 0}
--- !u!4 &4116721428456312
Transform:
  m_ObjectHideFlags: 1
  m_CorrespondingSourceObject: {fileID: 0}
  m_PrefabInternal: {fileID: 100100000}
  m_GameObject: {fileID: 1054468874561890}
  m_LocalRotation: {x: 0, y: 0, z: 0, w: 1}
  m_LocalPosition: {x: 8.063998, y: 0.97000265, z: 0}
  m_LocalScale: {x: 1, y: 1, z: 1}
  m_Children: []
  m_Father: {fileID: 4988837105520820}
  m_RootOrder: 3
  m_LocalEulerAnglesHint: {x: 0, y: 0, z: 0}
--- !u!4 &4204286555858652
Transform:
  m_ObjectHideFlags: 1
  m_CorrespondingSourceObject: {fileID: 0}
  m_PrefabInternal: {fileID: 100100000}
  m_GameObject: {fileID: 1620161880426654}
  m_LocalRotation: {x: -0, y: -0, z: -0, w: 1}
  m_LocalPosition: {x: 4.92, y: -7.4760003, z: 0}
  m_LocalScale: {x: 0.2, y: 0.2, z: 1}
  m_Children: []
  m_Father: {fileID: 4441666876190164}
  m_RootOrder: 2
  m_LocalEulerAnglesHint: {x: 0, y: 0, z: 0}
--- !u!4 &4441666876190164
Transform:
  m_ObjectHideFlags: 1
  m_CorrespondingSourceObject: {fileID: 0}
  m_PrefabInternal: {fileID: 100100000}
  m_GameObject: {fileID: 1937139178137478}
  m_LocalRotation: {x: -0, y: -0, z: -0, w: 1}
  m_LocalPosition: {x: -24.6, y: 1.68, z: 0}
  m_LocalScale: {x: 5, y: 5, z: 1}
  m_Children:
  - {fileID: 4798919270012436}
  - {fileID: 4874711040493264}
  - {fileID: 4204286555858652}
  - {fileID: 4988837105520820}
  - {fileID: 4859394112000028}
  m_Father: {fileID: 0}
  m_RootOrder: 0
  m_LocalEulerAnglesHint: {x: 0, y: 0, z: 0}
--- !u!4 &4634074646374920
Transform:
  m_ObjectHideFlags: 1
  m_CorrespondingSourceObject: {fileID: 0}
  m_PrefabInternal: {fileID: 100100000}
  m_GameObject: {fileID: 1536698611922332}
  m_LocalRotation: {x: 0, y: 0, z: 0, w: 1}
  m_LocalPosition: {x: 22.09, y: -1.99, z: 0}
  m_LocalScale: {x: -1, y: 1, z: 1}
  m_Children: []
  m_Father: {fileID: 4988837105520820}
  m_RootOrder: 2
  m_LocalEulerAnglesHint: {x: 0, y: 0, z: 0}
--- !u!4 &4727764976063902
Transform:
  m_ObjectHideFlags: 1
  m_CorrespondingSourceObject: {fileID: 0}
  m_PrefabInternal: {fileID: 100100000}
  m_GameObject: {fileID: 1923998608377798}
  m_LocalRotation: {x: -0, y: -0, z: -0, w: 1}
  m_LocalPosition: {x: 12.85, y: -11.99, z: 0}
  m_LocalScale: {x: 1, y: 1, z: 1}
  m_Children: []
  m_Father: {fileID: 4988837105520820}
  m_RootOrder: 4
  m_LocalEulerAnglesHint: {x: 0, y: 0, z: 0}
--- !u!4 &4798919270012436
Transform:
  m_ObjectHideFlags: 1
  m_CorrespondingSourceObject: {fileID: 0}
  m_PrefabInternal: {fileID: 100100000}
  m_GameObject: {fileID: 1403627965087998}
  m_LocalRotation: {x: -0, y: -0, z: -0, w: 1}
  m_LocalPosition: {x: 6.27, y: -3.87, z: 0}
  m_LocalScale: {x: 1.1202172, y: 0.6, z: 1}
  m_Children: []
  m_Father: {fileID: 4441666876190164}
  m_RootOrder: 0
  m_LocalEulerAnglesHint: {x: 0, y: 0, z: 0}
--- !u!4 &4859394112000028
Transform:
  m_ObjectHideFlags: 1
  m_CorrespondingSourceObject: {fileID: 0}
  m_PrefabInternal: {fileID: 100100000}
  m_GameObject: {fileID: 1051340564369988}
  m_LocalRotation: {x: -0, y: -0, z: -0, w: 1}
  m_LocalPosition: {x: 0.69, y: -2.411, z: 0}
  m_LocalScale: {x: 1.04, y: 0.58303404, z: 1}
  m_Children: []
  m_Father: {fileID: 4441666876190164}
  m_RootOrder: 4
  m_LocalEulerAnglesHint: {x: 0, y: 0, z: 0}
--- !u!4 &4864960891085602
Transform:
  m_ObjectHideFlags: 1
  m_CorrespondingSourceObject: {fileID: 0}
  m_PrefabInternal: {fileID: 100100000}
  m_GameObject: {fileID: 1408209005495910}
  m_LocalRotation: {x: -0, y: -0, z: -0, w: 1}
  m_LocalPosition: {x: -0.12, y: -11.99, z: 0}
  m_LocalScale: {x: 1, y: 1, z: 1}
  m_Children: []
  m_Father: {fileID: 4988837105520820}
  m_RootOrder: 5
  m_LocalEulerAnglesHint: {x: 0, y: 0, z: 0}
--- !u!4 &4874711040493264
Transform:
  m_ObjectHideFlags: 1
  m_CorrespondingSourceObject: {fileID: 0}
  m_PrefabInternal: {fileID: 100100000}
  m_GameObject: {fileID: 1216598015664100}
  m_LocalRotation: {x: -0, y: -0, z: -0, w: 1}
  m_LocalPosition: {x: 9.01, y: -4.45, z: 0}
  m_LocalScale: {x: 1.120218, y: 0.6, z: 1}
  m_Children: []
  m_Father: {fileID: 4441666876190164}
  m_RootOrder: 1
  m_LocalEulerAnglesHint: {x: 0, y: 0, z: 0}
--- !u!4 &4988837105520820
Transform:
  m_ObjectHideFlags: 1
  m_CorrespondingSourceObject: {fileID: 0}
  m_PrefabInternal: {fileID: 100100000}
  m_GameObject: {fileID: 1272278011101676}
  m_LocalRotation: {x: -0, y: -0, z: -0, w: 1}
  m_LocalPosition: {x: 4.92, y: -0.336, z: 0}
  m_LocalScale: {x: 0.2, y: 0.2, z: 1}
  m_Children:
  - {fileID: 4045323460130122}
  - {fileID: 4043186444037192}
  - {fileID: 4634074646374920}
  - {fileID: 4116721428456312}
  - {fileID: 4727764976063902}
  - {fileID: 4864960891085602}
  m_Father: {fileID: 4441666876190164}
  m_RootOrder: 3
  m_LocalEulerAnglesHint: {x: 0, y: 0, z: 0}
--- !u!60 &60470567672411804
PolygonCollider2D:
  m_ObjectHideFlags: 1
  m_CorrespondingSourceObject: {fileID: 0}
  m_PrefabInternal: {fileID: 100100000}
  m_GameObject: {fileID: 1051340564369988}
  m_Enabled: 1
  m_Density: 1
  m_Material: {fileID: 0}
  m_IsTrigger: 1
  m_UsedByEffector: 0
  m_UsedByComposite: 0
  m_Offset: {x: 0, y: 0}
  m_SpriteTilingProperty:
    border: {x: 0, y: 0, z: 0, w: 0}
    pivot: {x: 0.5, y: 0.5}
    oldSize: {x: 5.12, y: 5.12}
    newSize: {x: 5.12, y: 5.12}
    adaptiveTilingThreshold: 0.5
    drawMode: 0
    adaptiveTiling: 0
  m_AutoTiling: 0
  m_Points:
    m_Paths:
    - - {x: 1.06, y: -2}
      - {x: 1.17, y: -1.9799999}
      - {x: 1.28, y: -1.9}
      - {x: 1.28, y: -1.8299999}
      - {x: 1.14, y: -1.4599999}
      - {x: 1.02, y: -1.31}
      - {x: 0.90999997, y: -1.15}
      - {x: 0.85999995, y: -1.0699999}
      - {x: 1.04, y: -0.87}
      - {x: 1.0799999, y: -0.82}
      - {x: 1.1, y: -0.77}
      - {x: 1.16, y: -0.59}
      - {x: 1.11, y: -0.42999998}
      - {x: 1, y: -0.26}
      - {x: 0.95, y: -0.07}
      - {x: 0.88, y: 0.07}
      - {x: 0.83, y: 0.12}
      - {x: 0.72999996, y: 0.24}
      - {x: 0.57, y: 0.48}
      - {x: 0.45, y: 0.64}
      - {x: 0.35, y: 0.81}
      - {x: 0.35, y: 0.83}
      - {x: 0.28, y: 1.1999999}
      - {x: 0.26999998, y: 1.3}
      - {x: 0.25, y: 1.4599999}
      - {x: 0.14999999, y: 1.67}
      - {x: -0.033957224, y: 1.6724021}
      - {x: -0.23449148, y: 1.6748044}
      - {x: -0.36475897, y: 1.6511483}
      - {x: -0.46106946, y: 1.6494642}
      - {x: -0.5573792, y: 1.637637}
      - {x: -0.72449154, y: 1.6496081}
      - {x: -0.83804774, y: 1.6036942}
      - {x: -0.92449176, y: 1.5836943}
      - {x: -0.9667112, y: 1.6193211}
      - {x: -1.0067112, y: 1.4955219}
      - {x: -1.1339568, y: 1.561149}
      - {x: -1.1435566, y: 1.5088905}
      - {x: -1.2105346, y: 1.4887468}
      - {x: -1.1999999, y: 1.48}
      - {x: -1.27, y: 1.11}
      - {x: -1.27, y: 0.48}
      - {x: -1.17, y: 0.13}
      - {x: -1.0699999, y: -0.21}
      - {x: -1.01, y: -0.38}
      - {x: -1, y: -0.45999998}
      - {x: -0.91999996, y: -0.65999997}
      - {x: -1, y: -0.75}
      - {x: -1.06, y: -0.83}
      - {x: -1.5, y: -1.41}
      - {x: -1.55, y: -1.48}
      - {x: -1.5699999, y: -1.53}
      - {x: -1.5899999, y: -1.73}
      - {x: -1.5999999, y: -1.8499999}
      - {x: -1.56, y: -1.9}
      - {x: -1.4599999, y: -1.9399999}
      - {x: -1.36, y: -1.9699999}
      - {x: -1.24, y: -2}
      - {x: -1.0799999, y: -2.03}
      - {x: -0.91999996, y: -2.05}
      - {x: -0.71999997, y: -2.07}
      - {x: -0.58, y: -2.08}
      - {x: -0.42, y: -2.09}
      - {x: 0.22999999, y: -2.09}
      - {x: 0.45, y: -2.08}
      - {x: 0.68, y: -2.06}
      - {x: 0.85999995, y: -2.04}
--- !u!60 &60781732564982750
PolygonCollider2D:
  m_ObjectHideFlags: 1
  m_CorrespondingSourceObject: {fileID: 0}
  m_PrefabInternal: {fileID: 100100000}
  m_GameObject: {fileID: 1051340564369988}
  m_Enabled: 1
  m_Density: 1
  m_Material: {fileID: 0}
  m_IsTrigger: 0
  m_UsedByEffector: 0
  m_UsedByComposite: 0
  m_Offset: {x: 0, y: 0}
  m_SpriteTilingProperty:
    border: {x: 0, y: 0, z: 0, w: 0}
    pivot: {x: 0.5, y: 0.5}
    oldSize: {x: 5.12, y: 5.12}
    newSize: {x: 5.12, y: 5.12}
    adaptiveTilingThreshold: 0.5
    drawMode: 0
    adaptiveTiling: 0
  m_AutoTiling: 0
  m_Points:
    m_Paths:
    - - {x: 1.06, y: -2}
      - {x: 1.17, y: -1.9799999}
      - {x: 1.28, y: -1.9}
      - {x: 1.28, y: -1.8299999}
      - {x: 1.14, y: -1.4599999}
      - {x: 1.02, y: -1.31}
      - {x: 0.90999997, y: -1.15}
      - {x: 0.85999995, y: -1.0699999}
      - {x: 1.04, y: -0.87}
      - {x: 1.0799999, y: -0.82}
      - {x: 1.1, y: -0.77}
      - {x: 1.16, y: -0.59}
      - {x: 1.11, y: -0.42999998}
      - {x: 1, y: -0.26}
      - {x: 0.95, y: -0.07}
      - {x: 0.88, y: 0.07}
      - {x: 0.83, y: 0.12}
      - {x: 0.72999996, y: 0.24}
      - {x: 0.57, y: 0.48}
      - {x: 0.45, y: 0.64}
      - {x: 0.35, y: 0.81}
      - {x: 0.35, y: 0.83}
      - {x: 0.28, y: 1.1999999}
      - {x: 0.26999998, y: 1.3}
      - {x: 0.25, y: 1.4599999}
      - {x: 0.14999999, y: 1.67}
      - {x: -0.033957224, y: 1.6724021}
      - {x: -0.23449148, y: 1.6748044}
      - {x: -0.36475897, y: 1.6511483}
      - {x: -0.46106946, y: 1.6494642}
      - {x: -0.5573792, y: 1.637637}
      - {x: -0.72449154, y: 1.6496081}
      - {x: -0.83804774, y: 1.6036942}
      - {x: -0.92449176, y: 1.5836943}
      - {x: -0.9667112, y: 1.6193211}
      - {x: -1.0067112, y: 1.4955219}
      - {x: -1.1339568, y: 1.561149}
      - {x: -1.1435566, y: 1.5088905}
      - {x: -1.2105346, y: 1.4887468}
      - {x: -1.1999999, y: 1.48}
      - {x: -1.27, y: 1.11}
      - {x: -1.27, y: 0.48}
      - {x: -1.17, y: 0.13}
      - {x: -1.0699999, y: -0.21}
      - {x: -1.01, y: -0.38}
      - {x: -1, y: -0.45999998}
      - {x: -0.91999996, y: -0.65999997}
      - {x: -1, y: -0.75}
      - {x: -1.06, y: -0.83}
      - {x: -1.5, y: -1.41}
      - {x: -1.55, y: -1.48}
      - {x: -1.5699999, y: -1.53}
      - {x: -1.5899999, y: -1.73}
      - {x: -1.5999999, y: -1.8499999}
      - {x: -1.56, y: -1.9}
      - {x: -1.4599999, y: -1.9399999}
      - {x: -1.36, y: -1.9699999}
      - {x: -1.24, y: -2}
      - {x: -1.0799999, y: -2.03}
      - {x: -0.91999996, y: -2.05}
      - {x: -0.71999997, y: -2.07}
      - {x: -0.58, y: -2.08}
      - {x: -0.42, y: -2.09}
      - {x: 0.22999999, y: -2.09}
      - {x: 0.45, y: -2.08}
      - {x: 0.68, y: -2.06}
      - {x: 0.85999995, y: -2.04}
--- !u!61 &61301348558959640
BoxCollider2D:
  m_ObjectHideFlags: 1
  m_CorrespondingSourceObject: {fileID: 0}
  m_PrefabInternal: {fileID: 100100000}
  m_GameObject: {fileID: 1403627965087998}
  m_Enabled: 1
  m_Density: 1
  m_Material: {fileID: 0}
  m_IsTrigger: 1
  m_UsedByEffector: 0
  m_UsedByComposite: 0
  m_Offset: {x: 0.06762634, y: 4.9}
  m_SpriteTilingProperty:
    border: {x: 0, y: 0, z: 0, w: 0}
    pivot: {x: 0.5, y: 0.5}
    oldSize: {x: 1.28, y: 10.24}
    newSize: {x: 2.56, y: 5.12}
    adaptiveTilingThreshold: 0.5
    drawMode: 0
    adaptiveTiling: 0
  m_AutoTiling: 0
  serializedVersion: 2
  m_Size: {x: 1.1247473, y: 0.21000004}
  m_EdgeRadius: 0
--- !u!61 &61393833429663896
BoxCollider2D:
  m_ObjectHideFlags: 1
  m_CorrespondingSourceObject: {fileID: 0}
  m_PrefabInternal: {fileID: 100100000}
  m_GameObject: {fileID: 1620161880426654}
  m_Enabled: 1
  m_Density: 1
  m_Material: {fileID: 0}
  m_IsTrigger: 0
  m_UsedByEffector: 0
  m_UsedByComposite: 0
  m_Offset: {x: 0, y: 0}
  m_SpriteTilingProperty:
    border: {x: 0, y: 0, z: 0, w: 0}
    pivot: {x: 0.5, y: 0.5}
    oldSize: {x: 2.25, y: 2.25}
    newSize: {x: 100, y: 40}
    adaptiveTilingThreshold: 0.5
    drawMode: 2
    adaptiveTiling: 1
  m_AutoTiling: 0
  serializedVersion: 2
  m_Size: {x: 99.68, y: 39.99}
  m_EdgeRadius: 0
--- !u!61 &61428539481705406
BoxCollider2D:
  m_ObjectHideFlags: 1
  m_CorrespondingSourceObject: {fileID: 0}
  m_PrefabInternal: {fileID: 100100000}
  m_GameObject: {fileID: 1216598015664100}
  m_Enabled: 1
  m_Density: 1
  m_Material: {fileID: 0}
  m_IsTrigger: 0
  m_UsedByEffector: 0
  m_UsedByComposite: 0
  m_Offset: {x: 0.06762634, y: 4.9}
  m_SpriteTilingProperty:
    border: {x: 0, y: 0, z: 0, w: 0}
    pivot: {x: 0.5, y: 0.5}
    oldSize: {x: 1.28, y: 10.24}
    newSize: {x: 2.56, y: 5.12}
    adaptiveTilingThreshold: 0.5
    drawMode: 0
    adaptiveTiling: 0
  m_AutoTiling: 0
  serializedVersion: 2
  m_Size: {x: 1.1247473, y: 0.21000004}
  m_EdgeRadius: 0
--- !u!61 &61502203502391918
BoxCollider2D:
  m_ObjectHideFlags: 1
  m_CorrespondingSourceObject: {fileID: 0}
  m_PrefabInternal: {fileID: 100100000}
  m_GameObject: {fileID: 1216598015664100}
  m_Enabled: 1
  m_Density: 1
  m_Material: {fileID: 0}
  m_IsTrigger: 1
  m_UsedByEffector: 0
  m_UsedByComposite: 0
  m_Offset: {x: 0.06762634, y: 4.9}
  m_SpriteTilingProperty:
    border: {x: 0, y: 0, z: 0, w: 0}
    pivot: {x: 0.5, y: 0.5}
    oldSize: {x: 1.28, y: 10.24}
    newSize: {x: 2.56, y: 5.12}
    adaptiveTilingThreshold: 0.5
    drawMode: 0
    adaptiveTiling: 0
  m_AutoTiling: 0
  serializedVersion: 2
  m_Size: {x: 1.1247473, y: 0.21000004}
  m_EdgeRadius: 0
--- !u!61 &61845602449301956
BoxCollider2D:
  m_ObjectHideFlags: 1
  m_CorrespondingSourceObject: {fileID: 0}
  m_PrefabInternal: {fileID: 100100000}
  m_GameObject: {fileID: 1403627965087998}
  m_Enabled: 1
  m_Density: 1
  m_Material: {fileID: 0}
  m_IsTrigger: 0
  m_UsedByEffector: 0
  m_UsedByComposite: 0
  m_Offset: {x: 0.06762634, y: 4.9}
  m_SpriteTilingProperty:
    border: {x: 0, y: 0, z: 0, w: 0}
    pivot: {x: 0.5, y: 0.5}
    oldSize: {x: 1.28, y: 10.24}
    newSize: {x: 2.56, y: 5.12}
    adaptiveTilingThreshold: 0.5
    drawMode: 0
    adaptiveTiling: 0
  m_AutoTiling: 0
  serializedVersion: 2
  m_Size: {x: 1.1247473, y: 0.21000004}
  m_EdgeRadius: 0
--- !u!61 &61947614555370638
BoxCollider2D:
  m_ObjectHideFlags: 1
  m_CorrespondingSourceObject: {fileID: 0}
  m_PrefabInternal: {fileID: 100100000}
  m_GameObject: {fileID: 1620161880426654}
  m_Enabled: 1
  m_Density: 1
  m_Material: {fileID: 0}
  m_IsTrigger: 1
  m_UsedByEffector: 0
  m_UsedByComposite: 0
  m_Offset: {x: 0, y: 0}
  m_SpriteTilingProperty:
    border: {x: 0, y: 0, z: 0, w: 0}
    pivot: {x: 0.5, y: 0.5}
    oldSize: {x: 2.25, y: 2.25}
    newSize: {x: 100, y: 40}
    adaptiveTilingThreshold: 0.5
    drawMode: 2
    adaptiveTiling: 1
  m_AutoTiling: 0
  serializedVersion: 2
  m_Size: {x: 99.68, y: 39.99}
  m_EdgeRadius: 0
--- !u!212 &212226918755586480
SpriteRenderer:
  m_ObjectHideFlags: 1
  m_CorrespondingSourceObject: {fileID: 0}
  m_PrefabInternal: {fileID: 100100000}
  m_GameObject: {fileID: 1403627965087998}
  m_Enabled: 1
  m_CastShadows: 0
  m_ReceiveShadows: 0
  m_DynamicOccludee: 1
  m_MotionVectors: 1
  m_LightProbeUsage: 1
  m_ReflectionProbeUsage: 1
  m_RenderingLayerMask: 4294967295
  m_Materials:
  - {fileID: 10754, guid: 0000000000000000f000000000000000, type: 0}
  m_StaticBatchInfo:
    firstSubMesh: 0
    subMeshCount: 0
  m_StaticBatchRoot: {fileID: 0}
  m_ProbeAnchor: {fileID: 0}
  m_LightProbeVolumeOverride: {fileID: 0}
  m_ScaleInLightmap: 1
  m_PreserveUVs: 0
  m_IgnoreNormalsForChartDetection: 0
  m_ImportantGI: 0
  m_StitchLightmapSeams: 0
  m_SelectedEditorRenderState: 0
  m_MinimumChartSize: 4
  m_AutoUVMaxDistance: 0.5
  m_AutoUVMaxAngle: 89
  m_LightmapParameters: {fileID: 0}
  m_SortingLayerID: 0
  m_SortingLayer: 0
  m_SortingOrder: -3
  m_Sprite: {fileID: 21300000, guid: a59290a8d60aa2d469cf5bfefedd1c7b, type: 3}
  m_Color: {r: 1, g: 1, b: 1, a: 1}
  m_FlipX: 0
  m_FlipY: 0
  m_DrawMode: 0
  m_Size: {x: 2.56, y: 5.12}
  m_AdaptiveModeThreshold: 0.5
  m_SpriteTileMode: 0
  m_WasSpriteAssigned: 1
  m_MaskInteraction: 0
  m_SpriteSortPoint: 0
--- !u!212 &212680770282256838
SpriteRenderer:
  m_ObjectHideFlags: 1
  m_CorrespondingSourceObject: {fileID: 0}
  m_PrefabInternal: {fileID: 100100000}
  m_GameObject: {fileID: 1620161880426654}
  m_Enabled: 1
  m_CastShadows: 0
  m_ReceiveShadows: 0
  m_DynamicOccludee: 1
  m_MotionVectors: 1
  m_LightProbeUsage: 1
  m_ReflectionProbeUsage: 1
  m_RenderingLayerMask: 4294967295
  m_Materials:
  - {fileID: 10754, guid: 0000000000000000f000000000000000, type: 0}
  m_StaticBatchInfo:
    firstSubMesh: 0
    subMeshCount: 0
  m_StaticBatchRoot: {fileID: 0}
  m_ProbeAnchor: {fileID: 0}
  m_LightProbeVolumeOverride: {fileID: 0}
  m_ScaleInLightmap: 1
  m_PreserveUVs: 0
  m_IgnoreNormalsForChartDetection: 0
  m_ImportantGI: 0
  m_StitchLightmapSeams: 0
  m_SelectedEditorRenderState: 0
  m_MinimumChartSize: 4
  m_AutoUVMaxDistance: 0.5
  m_AutoUVMaxAngle: 89
  m_LightmapParameters: {fileID: 0}
  m_SortingLayerID: 0
  m_SortingLayer: 0
  m_SortingOrder: 1
  m_Sprite: {fileID: 21300000, guid: b55fe0583df6843409f3718d6e385cbb, type: 3}
  m_Color: {r: 1, g: 1, b: 1, a: 1}
  m_FlipX: 0
  m_FlipY: 0
  m_DrawMode: 2
  m_Size: {x: 100, y: 40}
  m_AdaptiveModeThreshold: 0.5
  m_SpriteTileMode: 1
  m_WasSpriteAssigned: 1
  m_MaskInteraction: 0
  m_SpriteSortPoint: 0
--- !u!212 &212836075939356824
SpriteRenderer:
  m_ObjectHideFlags: 1
  m_CorrespondingSourceObject: {fileID: 0}
  m_PrefabInternal: {fileID: 100100000}
  m_GameObject: {fileID: 1216598015664100}
  m_Enabled: 1
  m_CastShadows: 0
  m_ReceiveShadows: 0
  m_DynamicOccludee: 1
  m_MotionVectors: 1
  m_LightProbeUsage: 1
  m_ReflectionProbeUsage: 1
  m_RenderingLayerMask: 4294967295
  m_Materials:
  - {fileID: 10754, guid: 0000000000000000f000000000000000, type: 0}
  m_StaticBatchInfo:
    firstSubMesh: 0
    subMeshCount: 0
  m_StaticBatchRoot: {fileID: 0}
  m_ProbeAnchor: {fileID: 0}
  m_LightProbeVolumeOverride: {fileID: 0}
  m_ScaleInLightmap: 1
  m_PreserveUVs: 0
  m_IgnoreNormalsForChartDetection: 0
  m_ImportantGI: 0
  m_StitchLightmapSeams: 0
  m_SelectedEditorRenderState: 0
  m_MinimumChartSize: 4
  m_AutoUVMaxDistance: 0.5
  m_AutoUVMaxAngle: 89
  m_LightmapParameters: {fileID: 0}
  m_SortingLayerID: 0
  m_SortingLayer: 0
  m_SortingOrder: -3
  m_Sprite: {fileID: 21300000, guid: a59290a8d60aa2d469cf5bfefedd1c7b, type: 3}
  m_Color: {r: 1, g: 1, b: 1, a: 1}
  m_FlipX: 0
  m_FlipY: 0
  m_DrawMode: 0
  m_Size: {x: 2.56, y: 5.12}
  m_AdaptiveModeThreshold: 0.5
  m_SpriteTileMode: 0
  m_WasSpriteAssigned: 1
  m_MaskInteraction: 0
  m_SpriteSortPoint: 0
--- !u!212 &212965917108992310
SpriteRenderer:
  m_ObjectHideFlags: 1
  m_CorrespondingSourceObject: {fileID: 0}
  m_PrefabInternal: {fileID: 100100000}
  m_GameObject: {fileID: 1051340564369988}
  m_Enabled: 1
  m_CastShadows: 0
  m_ReceiveShadows: 0
  m_DynamicOccludee: 1
  m_MotionVectors: 1
  m_LightProbeUsage: 1
  m_ReflectionProbeUsage: 1
  m_RenderingLayerMask: 4294967295
  m_Materials:
  - {fileID: 10754, guid: 0000000000000000f000000000000000, type: 0}
  m_StaticBatchInfo:
    firstSubMesh: 0
    subMeshCount: 0
  m_StaticBatchRoot: {fileID: 0}
  m_ProbeAnchor: {fileID: 0}
  m_LightProbeVolumeOverride: {fileID: 0}
  m_ScaleInLightmap: 1
  m_PreserveUVs: 0
  m_IgnoreNormalsForChartDetection: 0
  m_ImportantGI: 0
  m_StitchLightmapSeams: 0
  m_SelectedEditorRenderState: 0
  m_MinimumChartSize: 4
  m_AutoUVMaxDistance: 0.5
  m_AutoUVMaxAngle: 89
  m_LightmapParameters: {fileID: 0}
  m_SortingLayerID: 0
  m_SortingLayer: 0
  m_SortingOrder: 2
  m_Sprite: {fileID: 21300000, guid: d65299fcc2f399c4aa77cab9790eb751, type: 3}
  m_Color: {r: 1, g: 1, b: 1, a: 1}
  m_FlipX: 0
  m_FlipY: 0
  m_DrawMode: 0
  m_Size: {x: 5.12, y: 5.12}
  m_AdaptiveModeThreshold: 0.5
  m_SpriteTileMode: 0
  m_WasSpriteAssigned: 1
  m_MaskInteraction: 0
  m_SpriteSortPoint: 0
